<?xml version="1.0" encoding="UTF-8"?><collection xmlns="http://www.loc.gov/MARC21/slim"><record><leader>00521nam--2200193-i-4500</leader><controlfield tag="001">000035612</controlfield><controlfield tag="002">20161230</controlfield><controlfield tag="005">20161230201040</controlfield><controlfield tag="008">060222s1000------------r-----000-0-eng-d</controlfield><datafield ind1=" " ind2=" " tag="020"><subfield code="a">0824766768</subfield></datafield><datafield ind1=" " ind2=" " tag="040"><subfield code="a">IFIN-HH</subfield></datafield><datafield ind1=" " ind2=" " tag="080"><subfield code="a">538.945</subfield></datafield><datafield ind1="1" ind2=" " tag="100"><subfield code="a">Murr, Lawrence E</subfield></datafield><datafield ind1="1" ind2="0" tag="245"><subfield code="a">Solid state electronics</subfield><subfield code="c">Lawrence e. murr</subfield></datafield><datafield ind1=" " ind2=" " tag="260"><subfield code="a">New York</subfield><subfield code="b">Marcel Dekker, Inc</subfield><subfield code="c">1978</subfield></datafield><datafield ind1=" " ind2=" " tag="300"><subfield code="a">X + 419P</subfield></datafield><datafield ind1=" " ind2=" " tag="490"><subfield code="a">Electrical Engineering And Electronics</subfield><subfield code="v">Vol. 4</subfield></datafield><datafield ind1=" " ind2=" " tag="852"><subfield code="a">45934</subfield><subfield code="c">539.2</subfield></datafield><datafield ind1=" " ind2=" " tag="CAT"><subfield code="a">Sys</subfield><subfield code="c">20121026</subfield><subfield code="h">141734</subfield></datafield></record></collection>